@article{hochreiter1997lstm,
  title={Long Short-Term Memory},
  author={Hochreiter, Sepp and Schmidhuber, Jürgen},
  journal={Neural computation},
  volume={9},
  number={8},
  pages={1735--1780},
  year={1997},
  publisher={MIT Press}
}

@book{goodfellow2016deep,
  title={Deep Learning},
  author={Goodfellow, Ian and Bengio, Yoshua and Courville, Aaron},
  year={2016},
  publisher={MIT Press}
}

@online{kalita2023rnn,
  author = {D. Kalita},
  title = {A Brief Overview of Recurrent Neural Networks (RNN)},
  year = {2023},
  url = {https://www.analyticsvidhya.com/blog/2022/03/a-brief-overview-of-recurrent-neural-networks-rnn/},
  note = {Accessed: 2023-10-13}
}

@online{kostadinov2017gru,
  author = {S. Kostadinov},
  title = {Understanding GRU Networks},
  year = {2017},
  url = {https://towardsdatascience.com/understanding-gru-networks-2ef37df6c9be},
  note = {Accessed: 2024-03-01}
}

@online{madisson2019stockrnn,
  author = {V. Madisson},
  title = {Stock market predictions with RNN using daily market variables},
  year = {2019},
  url = {https://towardsdatascience.com/stock-market-predictions-with-rnn-using-daily-market-variables-6f928c867fd2},
  note = {Accessed: 2023-10-11}
}

@phdthesis{jahan2018stock,
  title={Stock Price Prediction Using Recurrent Neural Networks},
  author={Jahan, Iffat},
  school={North Dakota State University},
  year={2018}
}

@online{saeed2023rnnmath,
  author = {M. Saeed},
  title = {An Introduction to Recurrent Neural Networks and the Math That Powers Them},
  year = {2023},
  url = {https://machinelearningmastery.com/an-introduction-to-recurrent-neural-networks-and-the-math-that-powers-them/},
  note = {Accessed: 2023-10-13}
}

@online{phi2018lstmguide,
  author = {M. Phi},
  title = {Illustrated Guide to LSTM’s and GRU’s: A step by step explanation},
  year = {2018},
  url = {https://towardsdatascience.com/illustrated-guide-to-lstms-and-gru-s-a-step-by-step-explanation-44e9eb85bf21}
}

@mastersthesis{lesuisse2022americanoptions,
  title={What are the advantages of pricing American options using artificial neural networks?},
  author={Lesuisse, M.},
  school={Université de Liège},
  year={2022}
}

@online{chen2023options,
  author = {J. Chen},
  title = {What are Options? Types, Spreads, Example, and Risk Metrics},
  year = {2023},
  url = {https://www.investopedia.com/terms/o/option.asp},
  note = {Accessed: 2023-10-13}
}

@article{fischer2018lstm,
  title={Deep learning with long short-term memory networks for financial market predictions},
  author={Fischer, Thomas and Krauss, Christopher},
  journal={European Journal of Operational Research},
  volume={270},
  number={2},
  pages={654--669},
  year={2018},
  publisher={Elsevier}
}

@article{schuld2021machine,
  title={Machine learning with PennyLane},
  author={Schuld, Maria and Bergholm, Ville and Gogolin, Christian and Izaac, Josh and Killoran, Nathan},
  journal={Quantum},
  volume={5},
  pages={529},
  year={2021},
  publisher={Verein zur F{\"o}rderung des Open Access Publizierens in den Quantenwissenschaften}
}

@article{mitarai2018quantum,
  title={Quantum circuit learning},
  author={Mitarai, Kosuke and Negoro, Makoto and Kitagawa, Masahiro and Fujii, Keisuke},
  journal={Physical Review A},
  volume={98},
  number={3},
  pages={032309},
  year={2018},
  publisher={APS}
}

@article{benedetti2019parameterized,
  title={Parameterized quantum circuits as machine learning models},
  author={Benedetti, Marcello and Lloyd, Ed and Sack, Stefan and Fiorentini, Marco},
  journal={Quantum Science and Technology},
  volume={4},
  number={4},
  pages={043001},
  year={2019},
  publisher={IOP Publishing}
}

@article{belkin2019reconciling,
  title={Reconciling modern machine-learning practice and the classical bias–variance trade-off},
  author={Belkin, Mikhail and Hsu, Daniel and Ma, Siyuan and Mandal, Suresh},
  journal={Proceedings of the National Academy of Sciences},
  volume={116},
  number={32},
  pages={15849--15854},
  year={2019},
  publisher={National Acad Sciences}
}